<record><leader>00000cas a22000007a 4500</leader><controlfield tag="001">316858153</controlfield><controlfield tag="008">090324c20039999vaudx ne      0   a0eng c</controlfield><datafield ind1=" " ind2=" " tag="010"><subfield code="a">  2009207458</subfield></datafield><datafield ind1=" " ind2=" " tag="040"><subfield code="a">NSD</subfield><subfield code="b">eng</subfield><subfield code="c">NSD</subfield><subfield code="d">NSD</subfield><subfield code="d">DLC</subfield><subfield code="d">OCLCQ</subfield><subfield code="d">DLC</subfield><subfield code="d">OCLCA</subfield><subfield code="d">OCLCF</subfield><subfield code="d">AU@</subfield><subfield code="d">OCL</subfield></datafield><datafield ind1=" " ind2=" " tag="012"><subfield code="l">a</subfield></datafield><datafield ind1=" " ind2=" " tag="019"><subfield code="a">889838557</subfield></datafield><datafield ind1="1" ind2=" " tag="022"><subfield code="a">1947-2099</subfield><subfield code="l">1947-2099</subfield><subfield code="2">1</subfield></datafield><datafield ind1=" " ind2=" " tag="037"><subfield code="b">Express Publication, PO Box 17370, Arlington, VA 22216</subfield></datafield><datafield ind1=" " ind2=" " tag="042"><subfield code="a">nsdp</subfield><subfield code="a">pcc</subfield></datafield><datafield ind1=" " ind2=" " tag="043"><subfield code="a">n-us-va</subfield></datafield><datafield ind1="0" ind2="0" tag="050"><subfield code="a">UNCLASSED</subfield></datafield><datafield ind1="0" ind2=" " tag="130"><subfield code="a">Express (Arlington, Va.)</subfield></datafield><datafield ind1=" " ind2="0" tag="222"><subfield code="a">Express</subfield><subfield code="b">(Arlington, Va.)</subfield></datafield><datafield ind1="1" ind2="0" tag="245"><subfield code="a">Express.</subfield></datafield><datafield ind1=" " ind2=" " tag="260"><subfield code="a">Arlington, VA :</subfield><subfield code="b">Express Publication</subfield></datafield><datafield ind1="1" ind2=" " tag="362"><subfield code="a">Began in Aug. 2003.</subfield></datafield><datafield ind1=" " ind2=" " tag="500"><subfield code="a">Published: Washington, D.C., 2011-</subfield></datafield><datafield ind1=" " ind2=" " tag="500"><subfield code="a">"A publication of the Washington Post."</subfield></datafield><datafield ind1=" " ind2=" " tag="530"><subfield code="a">Also available on microfilm.</subfield></datafield><datafield ind1=" " ind2=" " tag="588"><subfield code="a">Description based on: Mar. 2, 2009.</subfield></datafield><datafield ind1=" " ind2="0" tag="651"><subfield code="a">Washington (D.C.)</subfield><subfield code="v">Newspapers.</subfield></datafield><datafield ind1=" " ind2="7" tag="651"><subfield code="a">Washington (D.C.)</subfield><subfield code="2">fast</subfield><subfield code="0">(OCoLC)fst01204505</subfield></datafield><datafield ind1=" " ind2="7" tag="655"><subfield code="a">Periodicals</subfield><subfield code="2">fast</subfield><subfield code="0">(OCoLC)fst01411641</subfield></datafield><datafield ind1=" " ind2="7" tag="655"><subfield code="a">Newspapers.</subfield><subfield code="2">fast</subfield><subfield code="0">(OCoLC)fst01423814</subfield></datafield><datafield ind1=" " ind2="0" tag="655"><subfield code="a">Electronic journals</subfield></datafield><datafield ind1="0" ind2=" " tag="730"><subfield code="a">Washington Post.</subfield></datafield><datafield ind1=" " ind2=" " tag="752"><subfield code="a">United States</subfield><subfield code="b">Virginia</subfield><subfield code="d">Arlington.</subfield></datafield><datafield ind1=" " ind2=" " tag="752"><subfield code="a">United States</subfield><subfield code="b">District of Columbia</subfield><subfield code="d">Washington.</subfield></datafield><datafield ind1=" " ind2=" " tag="850"><subfield code="a">DLC</subfield></datafield><datafield ind1="1" ind2=" " tag="029"><subfield code="a">AU@</subfield><subfield code="b">000043979849</subfield></datafield></record>